<record><leader>00000cas a2200000 a 4500</leader><controlfield tag="001">30905136</controlfield><controlfield tag="008">940808d1uuu1999ilucr ne      0   a0eng c</controlfield><datafield ind1=" " ind2=" " tag="010"><subfield code="a">sn 94054491 </subfield></datafield><datafield ind1=" " ind2=" " tag="040"><subfield code="a">NVF</subfield><subfield code="b">eng</subfield><subfield code="c">NVF</subfield><subfield code="d">CVF</subfield><subfield code="d">NVF</subfield><subfield code="d">OCLCF</subfield><subfield code="d">OCLCO</subfield><subfield code="d">OCL</subfield></datafield><datafield ind1=" " ind2=" " tag="042"><subfield code="a">pcc</subfield></datafield><datafield ind1=" " ind2=" " tag="043"><subfield code="a">n-us-il</subfield></datafield><datafield ind1="0" ind2=" " tag="130"><subfield code="a">Doings (Hinsdale, Ill. : Burr Ridge ed.)</subfield></datafield><datafield ind1="1" ind2="4" tag="245"><subfield code="a">The doings.</subfield></datafield><datafield ind1=" " ind2=" " tag="250"><subfield code="a">Burr Ridge ed.</subfield></datafield><datafield ind1=" " ind2=" " tag="260"><subfield code="a">Hinsdale, IL :</subfield><subfield code="b">Doings Newspapers</subfield></datafield><datafield ind1=" " ind2=" " tag="300"><subfield code="a">v.</subfield></datafield><datafield ind1=" " ind2=" " tag="310"><subfield code="a">Semiweekly</subfield></datafield><datafield ind1="0" ind2=" " tag="362"><subfield code="a">-v. 104, no. 77 (July 9, 1999).</subfield></datafield><datafield ind1=" " ind2=" " tag="580"><subfield code="a">Merged with Doings (Hinsdale, Ill. : Darien ed.), and: Doings (Hinsdale, Ill. : Willowbrook ed.), to form: Weekly doings.</subfield></datafield><datafield ind1=" " ind2=" " tag="588"><subfield code="a">Description based on: Vol. 98, no. 26/27 (Dec. 30, 1992/Jan. 1, 1993).</subfield></datafield><datafield ind1=" " ind2="0" tag="651"><subfield code="a">Burr Ridge (Ill.)</subfield><subfield code="v">Newspapers.</subfield></datafield><datafield ind1=" " ind2="7" tag="651"><subfield code="a">Illinois</subfield><subfield code="z">Burr Ridge.</subfield><subfield code="2">fast</subfield><subfield code="0">(OCoLC)fst01232870</subfield></datafield><datafield ind1=" " ind2="7" tag="655"><subfield code="a">Newspapers.</subfield><subfield code="2">fast</subfield><subfield code="0">(OCoLC)fst01423814</subfield></datafield><datafield ind1=" " ind2=" " tag="752"><subfield code="a">United States</subfield><subfield code="b">Illinois</subfield><subfield code="c">DuPage</subfield><subfield code="d">Hinsdale.</subfield></datafield><datafield ind1="1" ind2="7" tag="785"><subfield code="t">Doings (Hinsdale, Ill. : Darien ed.)</subfield><subfield code="w">(DLC)sn 94054493</subfield><subfield code="w">(OCoLC)30905175</subfield></datafield><datafield ind1="1" ind2="7" tag="785"><subfield code="t">Doings (Hinsdale, Ill. : Willowbrook ed.)</subfield><subfield code="w">(DLC)sn 94054497</subfield><subfield code="w">(OCoLC)30905260</subfield></datafield><datafield ind1="1" ind2="7" tag="785"><subfield code="t">Weekly doings</subfield><subfield code="w">(DLC)sn2001061227</subfield><subfield code="w">(OCoLC)46987323</subfield></datafield><datafield ind1="1" ind2=" " tag="029"><subfield code="a">AU@</subfield><subfield code="b">000011230078</subfield></datafield></record>